@article{wendt2009wavelet,
  title={Wavelet leaders and bootstrap for multifractal analysis of images},
  author={Wendt, Herwig and Roux, St{\'e}phane G and Jaffard, St{\'e}phane and Abry, Patrice},
  journal={Signal Processing},
  volume={89},
  number={6},
  pages={1100--1114},
  year={2009},
  publisher={Elsevier}
}

@article{almultifractal,
  title={Multifractal-Based Featuresfor Medical Images Classification},
  author={Al-Momen, Saad and George, Loay E and Naji, Raid K}
}

@article{yao2018multifractal,
  title={Multifractal analysis of image profiles for the characterization and detection of defects in additive manufacturing},
  author={Yao, Bing and Imani, Farhad and Sakpal, Aniket S and Reutzel, EW and Yang, Hui},
  journal={Journal of Manufacturing Science and Engineering},
  volume={140},
  number={3},
  year={2018},
  publisher={American Society of Mechanical Engineers Digital Collection}
}

@article{drzewiecki2016applicability,
  title={Applicability of multifractal features as global characteristics of WorldView-2 panchromatic satellite images},
  author={Drzewiecki, Wojciech and Wawrzaszek, Anna and Krupi{\'n}ski, Micha{\l} and Aleksandrowicz, Sebastian and Bernat, Katarzyna},
  journal={European Journal of Remote Sensing},
  volume={49},
  number={1},
  pages={809--834},
  year={2016},
  publisher={Taylor \& Francis}
}
@article{reljin2002fractal,
  title={Fractal geometry and multifractals in analyzing and processing medical data and images},
  author={Reljin, Irini S and Reljin, Branimir D},
  journal={Archive of Oncology},
  volume={10},
  number={4},
  pages={283--293},
  year={2002}
}

@book{mandelbrot1982fractal,
  title={The fractal geometry of nature},
  author={Mandelbrot, Benoit B and Mandelbrot, Benoit B},
  volume={1},
  year={1982},
  publisher={WH Freeman New York}
}

@incollection{seuret2016multifractal,
  title={Multifractal analysis and wavelets},
  author={Seuret, St{\'e}phane},
  booktitle={New Trends in Applied Harmonic Analysis},
  pages={19--65},
  year={2016},
  publisher={Springer}
}

@article{seuret2002local,
  title={The local H{\"o}lder function of a continuous function},
  author={Seuret, St{\'e}phane and V{\'e}hel, Jacques L{\'e}vy},
  journal={Applied and Computational Harmonic Analysis},
  volume={13},
  number={3},
  pages={263--276},
  year={2002},
  publisher={Elsevier}
}

@techreport{jaffard2004wavelet,
  title={Wavelet techniques in multifractal analysis},
  author={Jaffard, Stephane},
  year={2004},
  institution={Universidad de París (Francia)}
}

@phdthesis{leonarduzzi2014analisis,
  title={An{\'a}lisis multifractal basado en coeficientes ondita l{\'\i}deres: formalismo multifractal basado en p-l{\'\i}deres y aplicaci{\'o}n a se{\~n}ales biom{\'e}dicas},
  author={Leonarduzzi, Roberto Fabio},
  year={2014}
}

@article{nilsson2007multifractal,
  title={Multifractal-based image analysis with applications in medical imaging},
  author={Nilsson, Ethel},
  journal={Dep. Comput. Sci. Umea Univ. Umea Sweden},
  pages={33--70},
  year={2007},
  publisher={Citeseer}
}

@article{gardimpactrespiratory,
title={El impacto mundial de la enfermedad respiratoria},
edition={Segunda},
author={Foro de las Sociedades Respiratorias Internacionales},
year={2017},
organization={México, Asociación Latinoamericana de Tórax},
}

@article{anuariosalud,
	organization = {Ministerio de Salud Pública. Dirección de Registros Médicos y Estadísticas de Salud},
	title = {Anuario Estadístico (Cubano) de Salud},
	year = {2020},
	country={Cuba},
	issn = {1561-4433},	
	url = {https://salud.msp.gob.cu/wp-content/Anuario/anuario_2019_edici%C3%B3n_2020.pdf}
}

@inproceedings{silvetti2010analisis,
  title={An{\'a}lisis multifractal aplicado a im{\'a}genes m{\'e}dicas},
  author={Silvetti, Andrea and Delrieux, Claudio},
  booktitle={XII Workshop de Investigadores en Ciencias de la Computaci{\'o}n},
  year={2010},
  address={Patagonia, Argentina}
}

@article{braverman2013scale,
  title={Scale-specific multifractal medical image analysis},
  author={Braverman, Boris and Tambasco, Mauro},
  journal={Computational and Mathematical Methods in Medicine},
  volume={2013},
  year={2013},
  publisher={Hindawi}, 
doi={10.1155/2013/262931}
}

@article{hernandez2015analisis,
  title={An{\'a}lisis De Im{\'a}genes M{\'e}dicas Usando Matlab},
  author={Hern{\'a}ndez, Jessica Janett {\'A}vila and C{\'o}rdova Fraga, Teodoro},
journal={J{\'o}venes en la Ciencia},
  year={2015},
volume={1},
number={2},
  school={Universidad de Guanajuato}
}

@mastersthesis{maceda2014computo,
  title={C{\'o}mputo de medidas fractales para im{\'a}genes m{\'e}dicas},
  school={Benem{\'e}rita Universidad Aut{\'o}noma de Puebla},
  author={Maceda Macario, Violeta},
  year={2014}
}

@article{marusina2017mri,
  title={MRI image processing based on fractal analysis},
  author={Marusina, Mariya Y and Mochalina, Alexandra P and Frolova, Ekaterina P and Satikov, Valentin I and Barchuk, Anton A and Kuznetcov, Vladimir I and Gaidukov, Vadim S and Tarakanov, Segrey A},
  journal={Asian Pacific Journal of Cancer Prevention (APJCP)},
  volume={18},
  number={1},
  pages={51--55},
  year={2017},
  publisher={Shahid Beheshti University of Medical Sciences}
}

@masterthesis{lorenaleon,
  title={Clasificación de Malignidad de Masas en Mamografías Digitales a través del Análisis Multifractal},
  author={León Arencibia, Lorena},
  school={Universidad de La Habana},
  year={2019}
}

@masterthesis{juanda,
	title={Tesis de licenciatura: Detección de regiones de interés dentro del pulmón usando el espectro multifractal según el formalismo de las \textit{wavelet} de módulo máximo.},
	school={Universidad de La Habana},
	author={Menéndez del Cueto, Juan David},
	year={2021}
}


@article{rodriguez2005medidas,
  title={Medidas fractales cardiotor{\'a}cicas en radiograf{\'\i}as de t{\'o}rax},
  author={Rodr{\'\i}guez, Javier and Lemus, Jorge and Serrano, Julio and Casadiego, Elkin and Correa, Calina},
  journal={Revista Colombiana de Cardiología},
  volume={12},
  number={3},
  pages={129--134},
  year={2005}
}

@article{kido1995fractal,
  title={Fractal analysis of interstitial lung abnormalities in chest radiography.},
  author={Kido, Shoji and Ikezoe, Junpei and Naito, Hiroaki and Tamura, Shinichi and Machi, Setuko},
  journal={Radiographics},
  volume={15},
  number={6},
  pages={1457--1464},
  year={1995}
}

@article{troshin2015multifractal,
  title={Multifractal parametrization in diagnosis of lungs diseases},
  author={Troshin, PI},
  journal={International Journal of Pure and Applied Mathematics},
  volume={105},
  number={2},
  pages={173--185},
  year={2015},
  publisher={Academic Publications, Ltd.}
}

@article{lee2020automatic,
  title={Automatic segmentation for pulmonary nodules in CT images based on multifractal analysis},
  author={Lee, Cheng-Hsiung and Jwo, Jung-Sing},
  journal={IET Image Processing},
  volume={14},
  number={7},
  pages={1347--1353},
  year={2020},
  publisher={IET}
}

@article{pham2021classification,
  title={Classification of COVID-19 chest X-rays with deep learning: new models or fine tuning?},
  author={Pham, Tuan D},
  journal={Health Information Science and Systems},
  volume={9},
  number={1},
  pages={1--11},
  year={2021},
  publisher={Springer}
}

@article{chen2020deep,
  title={Deep hiearchical multi-label classification applied to chest X-ray abnormality taxonomies},
  author={Chen, Haomin and Miao, Shun and Xu, Daguang and Hager, Gregory D and Harrison, Adam P},
  journal={Medical image analysis},
  volume={66},
  pages={101811},
  year={2020},
  publisher={Elsevier}
}

@article{tang2020automated,
  title={Automated abnormality classification of chest radiographs using deep convolutional neural networks},
  author={Tang, Yu-Xing and Tang, You-Bao and Peng, Yifan and Yan, Ke and Bagheri, Mohammadhadi and Redd, Bernadette A and Brandon, Catherine J and Lu, Zhiyong and Han, Mei and Xiao, Jing and others},
  journal={NPJ digital medicine},
  volume={3},
  number={1},
  pages={1--8},
  year={2020},
  publisher={Nature Publishing Group}
}

@article{wang2018chestnet,
  title={Chestnet: A deep neural network for classification of thoracic diseases on chest radiography},
  author={Wang, Hongyu and Xia, Yong},
  journal={arXiv preprint arXiv:1807.03058},
  year={2018}
}

@article{aidoo2019chest,
  title={Chest radiograph image enhancement with wavelet decomposition and morphological operations},
  author={Aidoo, Anthony Y and Wilson, Matilda and Botchway, Gloria A},
  journal={TELKOMNIKA Telecommunication Computing Electronics and Control},
  volume={17},
  number={5},
  pages={2587--2594},
  year={2019}
}


@article{scikit-learn,
 title={Scikit-learn: Machine Learning in {P}ython},
 author={Pedregosa, F. and Varoquaux, G. and Gramfort, A. and Michel, V.
         and Thirion, B. and Grisel, O. and Blondel, M. and Prettenhofer, P.
         and Weiss, R. and Dubourg, V. and Vanderplas, J. and Passos, A. and
         Cournapeau, D. and Brucher, M. and Perrot, M. and Duchesnay, E.},
 journal={Journal of Machine Learning Research},
 volume={12},
 pages={2825--2830},
 year={2011}
}

@article{shiraishi2000development,
  title={Development of a digital image database for chest radiographs with and without a lung nodule: receiver operating characteristic analysis of radiologists' detection of pulmonary nodules},
  author={Shiraishi, Junji and Katsuragawa, Shigehiko and Ikezoe, Junpei and Matsumoto, Tsuneo and Kobayashi, Takeshi and Komatsu, Ken-ichi and Matsui, Mitate and Fujita, Hiroshi and Kodera, Yoshie and Doi, Kunio},
  journal={American Journal of Roentgenology},
  volume={174},
  number={1},
  pages={71--74},
  year={2000},
  publisher={Am Roentgen Ray Soc}
}

  @misc{enwiki:1037873471,
    author = "{Wikipedia contributors}",
    title = "Benoit Mandelbrot --- {Wikipedia}{,} The Free Encyclopedia",
    year = "2021",
   url={https://en.wikipedia.org/w/index.php?title=Benoit\_Mandelbrot\&oldid=1037873471},
    note = "[Online; accessed 17-August-2021]"
  }

@article{141456,
  author={Soliman, S.S. and Hsue, S.-Z.},
  journal={IEEE Transactions on Communications}, 
  title={Signal classification using statistical moments}, 
  year={1992},
  volume={40},
  number={5},
  pages={908-916},
  doi={10.1109/26.141456}}

@article{montoya2001transformada,
  title={La transformada wavelet},
  author={Montoya, Jes{\'u}s Rub{\'e}n Azor},
  journal={Revista de la Universidad de Mendoza},
  year={2001}
}

@misc{ eswiki:119239206,
       author = "Wikipedia",
       title = "Cumulante --- Wikipedia{,} La enciclopedia libre",
       year = "2019",
       url = "https://es.wikipedia.org/w/index.php?title=Cumulante\&oldid=119239206",
       note = "[Internet; descargado 17-agosto-2021]"
}


@techreport{wirth2000texture,
  title={Texture analysis},
  author={Wirth, M},
  year={2000},
  institution={Technical report, Universiy of Guelph}
}

@inproceedings{inproceedings,
	author = {Evgeniou, Theodoros and Pontil, Massimiliano},
	year = {2001},
	month = {01},
	pages = {249-257},
	title = {Support Vector Machines: Theory and Applications},
	volume = {2049},
	doi = {10.1007/3-540-44673-7_12}
}

@MISC{Veropoulos99theapplication,
	author = {K. Veropoulos and N. Cristianini and C. Campbell},
	title = {The Application of Support Vector Machines to Medical Decision Support: A Case Study},
	year = {1999}
}

@article{cortes1995support,
	title={Support-vector networks},
	author={Cortes, Corinna and Vapnik, Vladimir},
	journal={Machine learning},
	volume={20},
	number={3},
	pages={273--297},
	year={1995},
	publisher={Springer}
}

@misc{rodrigo2017maquinas,
	title={M{\'a}quinas de Vector Soporte (Support Vector Machines, SVMs)},
	author={Rodrigo, J Amat},
	year={2017}
}

@misc{hsu2003practical,
	title={A practical guide to support vector classification},
	author={Hsu, Chih-Wei and Chang, Chih-Chung and Lin, Chih-Jen},
	year={2003},  
        month={01},
        volume={1},
        journal={Bioinformatics},
	address={Taipei, Taiwan}
}

@article{kent2018artificial,
	title={How artificial intelligence is changing radiology, pathology},
	author={Kent, J},
	journal={HealthAnalytics},
	volume={3},
	year={2018}
}

@article{aggarwal2021diagnostic,
	title={Diagnostic accuracy of deep learning in medical imaging: a systematic review and meta-analysis},
	author={Aggarwal, Ravi and Sounderajah, Viknesh and Martin, Guy and Ting, Daniel SW and Karthikesalingam, Alan and King, Dominic and Ashrafian, Hutan and Darzi, Ara},
	journal={NPJ digital medicine},
	volume={4},
	number={1},
	pages={1--23},
	year={2021},
	publisher={Nature Publishing Group}
}

@misc{lungsegmentationdk,
title={Lung Segmentation Data Kit. v1. CSIRO. Data Collection},
author={Rusak, Filip and Wang, Dadong and Arzhaeva, Yulia},
year={2019},
url="https://doi.org/10.25919/5c49548be0551"
}

@article{medical2020augmentation, 
	title={Data Augmentation in Medical Images},
	author={Glickman, Cody},
	journal={Towards data science},
	month={10},
	year={2020}
}

@article{crossvalidation, 
	title={Cross Validation in Machine Learning},
	author={Gupta, Prashant},
	journal={Towards data science},
	month={06},
	year={2017}
}


@misc{rotationtransformation,
	title={Rotation Transformation},
	url="https://www.tutorialspoint.com/javafx/rotation_transformation.htm", 
	note = {Accessed: 2021-09-7}
}

@misc{sheartransformation, 
	title={Shear Transformation},
	url="https://www.tutorialspoint.com/javafx/shear_transformation.htm", 
	note = {Accessed: 2021-09-7}
}

@misc{planillaradiografia,
	title={Planilla de reporte para radiografía anteroposterior},
	year={2021},
	insitution={Hospital Clínico Quirúrgico Hermanos Ameijeiras}	
}

@misc{stratified,
	title={What is Stratified Cross-Validation in Machine Learning?},
	author={Muralidar, KSV},
	journal={Towards data science},
	year={2021},
	month={02}
}
@article{chen2011development,
	title={Development and evaluation of a computer-aided diagnostic scheme for lung nodule detection in chest radiographs by means of two-stage nodule enhancement with support vector classification},
	author={Chen, Sheng and Suzuki, Kenji and MacMahon, Heber},
	journal={Medical physics},
	volume={38},
	number={4},
	pages={1844--1858},
	year={2011},
	publisher={Wiley Online Library}
}
@article{schultheiss2020robust,
	title={A robust convolutional neural network for lung nodule detection in the presence of foreign bodies},
	author={Schultheiss, Manuel and Schober, Sebastian A and Lodde, Marie and Bodden, Jannis and Aichele, Juliane and M{\"u}ller-Leisse, Christina and Renger, Bernhard and Pfeiffer, Franz and Pfeiffer, Daniela},
	journal={Scientific Reports},
	volume={10},
	number={1},
	pages={1--9},
	year={2020},
	publisher={Nature Publishing Group}
}

@article{physiopediaxrays,
	title={Chest X-Rays},
	journal = {Physiopedia},
	year={2021}
}

@inproceedings{combrexelle2015hyperspectral,
	title={Hyperspectral image analysis using multifractal attributes},
	author={Combrexelle, S{\'e}bastien and Wendt, Herwig and Tourneret, Jean-Yves and McLaughlin, Stephen and Abry, Patrice},
	booktitle={2015 7th Workshop on Hyperspectral Image and Signal Processing: Evolution in Remote Sensing (WHISPERS)},
	pages={1--4},
	year={2015},
	organization={IEEE}
}

@article{godavarthi2019analysis,
	title={Analysis and classification of droplet characteristics from atomizers using multifractal analysis},
	author={Godavarthi, V and Dhivyaraja, K and Sujith, RI and Panchagnula, MV},
	journal={Scientific reports},
	volume={9},
	number={1},
	pages={1--10},
	year={2019},
	publisher={Nature Publishing Group}
}

@article{combrexelle2016multifractal,
	title={Multifractal analysis of multivariate images using gamma Markov random field priors},
	author={Combrexelle, S and Wendt, H and Altmann, Y and Tourneret, JY and McLaughlin, S and Abry, P},
	journal={To be submitted},
	year={2016}
}

@article{abry2013van,
	title={When Van Gogh meets Mandelbrot: Multifractal classification of painting's texture},
	author={Abry, Patrice and Wendt, Herwig and Jaffard, St{\'e}phane},
	journal={Signal Processing},
	volume={93},
	number={3},
	pages={554--572},
	year={2013},
	publisher={Elsevier}
}

@article{xiang2019multifractal,
	title={Multifractal Analysis of River Networks in an Urban Catchment on the Taihu Plain, China},
	author={Xiang, Jie and Xu, Youpeng and Yuan, Jia and Wang, Qiang and Wang, Jie and Deng, Xiaojun},
	journal={Water},
	volume={11},
	number={11},
	pages={2283},
	year={2019},
	publisher={Multidisciplinary Digital Publishing Institute}
}
@article{6272357,	
	author={Ji, Hui and Yang, Xiong and Ling, Haibin and Xu, Yong},	
	journal={IEEE Transactions on Image Processing}, 	
	title={Wavelet Domain Multifractal Analysis for Static and Dynamic Texture Classification}, 	
	year={2013},	
	volume={22},	
	number={1},	
	pages={286-299},	
	doi={10.1109/TIP.2012.2214040}}

@article{10.1115/1.4037891,
	author = {Yao, Bing and Imani, Farhad and Sakpal, Aniket S. and Reutzel, E. W. and Yang, Hui},
	title = "{Multifractal Analysis of Image Profiles for the Characterization and Detection of Defects in Additive Manufacturing}",
	journal = {Journal of Manufacturing Science and Engineering},
	volume = {140},
	number = {3},
	year = {2018},
	month = {01},
	abstract = "{Metal-based powder-bed-fusion additive manufacturing (PBF-AM) is gaining increasing attention in modern industries, and is a promising direct manufacturing technology. Additive manufacturing (AM) does not require the tooling cost of conventional subtractive manufacturing processes, and is flexible to produce parts with complex geometries. Quality and repeatability of AM parts remain a challenging issue that persistently hampers wide applications of AM technology. Rapid advancements in sensing technology, especially imaging sensing systems, provide an opportunity to overcome such challenges. However, little has been done to fully utilize the image profiles acquired in the AM process and study the fractal patterns for the purpose of process monitoring, quality assessment, and control. This paper presents a new multifractal methodology for the characterization and detection of defects in PBF-AM parts. Both simulation and real-world case studies show that the proposed approach effectively detects and characterizes various defect patterns in AM images and has strong potential for quality control of AM processes.}",
	issn = {1087-1357},
	doi = {10.1115/1.4037891},
	url = {https://doi.org/10.1115/1.4037891},
	note = {031014},
	eprint = {https://asmedigitalcollection.asme.org/manufacturingscience/article-pdf/140/3/031014/6405927/manu\_140\_03\_031014.pdf},
}

@inproceedings{coddington2008multifractal,
	title={Multifractal analysis and authentication of Jackson Pollock paintings},
	author={Coddington, Jim and Elton, John and Rockmore, Daniel and Wang, Yang},
	booktitle={Computer image analysis in the study of art},
	volume={6810},
	pages={68100F},
	year={2008},
	organization={International Society for Optics and Photonics}
}

@article{rocsu2020multifractal,
	title={On a Multifractal Approach of Turbulent Atmosphere Dynamics},
	author={Ro{\c{s}}u, Iulian Alin and Cazacu, Marius Mihai and Ghenadi, Adrian Stelian and Bibire, Luminita and Agop, Maricel},
	journal={Frontiers in Earth Science},
	volume={8},
	pages={216},
	year={2020},
	publisher={Frontiers}
}

@book{nievergelt1999wavelets,
	title={Wavelets made easy},
	author={Nievergelt, Yves and Nievergelt, Y},
	volume={174},
	year={1999},
	publisher={Springer}
}

@article{article,
author = {Sisworo, Sisworo},
year = {1999},
month = {01},
pages = {244-249},
title = {On Holder Exponents},
volume = {4},
journal = {Matematika \& Sains}
}

@book{mallat1999wavelet,
  title={A wavelet tour of signal processing: the sparse way},
  author={Mallat, St{\'e}phane},
edition={Tercera},
  year={2008},
  publisher={Elsevier}
}

@article{castaing1993log,
  title={Log-similarity for turbulent flows?},
  author={Castaing, Bernard and Gagne, Yves and Marchand, Muriel},
  journal={Physica D: Nonlinear Phenomena},
  volume={68},
  number={3-4},
  pages={387--400},
  year={1993},
  publisher={Elsevier}
}

@article{kelly2012chest,
  title={The chest radiograph},
  author={Kelly, Barry},
  journal={The Ulster medical journal},
  volume={81},
  number={3},
  pages={143},
  year={2012},
  publisher={Ulster Medical Society}
}

@article{texturefeatures,
author = {Haralick, Robert and Shanmugam, Kalaivani and Dinstein, IH},
year = {1973},
month = {01},
pages = {610--621},
title = {Texture Features for Image Classification},
volume = {SMC-3},
number={6},
journal = {IEEE Transactions on Systems, Man, and Cybernetics},
doi={10.1109/TSMC.1973.4309314}
}

@inproceedings{svminproceedings,
author = {Evgeniou, Theodoros and Pontil, Massimiliano},
year = {2001},
month = {01},
pages = {249-257},
title = {Support Vector Machines: Theory and Applications},
volume = {2049},
doi = {10.1007/3-540-44673-7_12}
}

@article{gridsearch,
author = {Brownlee, Jason},
year = {2020},
month = {09},
title = {Hyperparameter Optimization With Random Search and Grid Search},
journal = {Machine Learning Mastery},
note={Accessed: 2022-01-23},
url={https://machinelearningmastery.com/hyperparameter-optimization-with-random-search-and-grid-search/}
}

@article{metrics,
author = {Goyal, Shweta},
year = {2021},
month = {07},
title = {Evaluation Metrics for Classification Models},
journal = {Analytics Vidhya},
url={https://medium.com/analytics-vidhya/evaluation-metrics-for-classification-models-e2f0d8009d69},
note  = {Accessed: 2021-12-06}
}

@inproceedings{xu2002automated,
  title={Automated lung nodule segmentation using dynamic programming and EM-based classification},
  author={Xu, Ning and Ahuja, Narendra and Bansal, Ravi},
  booktitle={Medical Imaging 2002: Image Processing},
  volume={4684},
  pages={666--676},
  year={2002},
  organization={International Society for Optics and Photonics}
}

@article{kostis2003three,
  title={Three-dimensional segmentation and growth-rate estimation of small pulmonary nodules in helical CT images},
  author={Kostis, William J and Reeves, Anthony P and Yankelevitz, David F and Henschke, Claudia I},
  journal={IEEE transactions on medical imaging},
  volume={22},
  number={10},
  pages={1259--1274},
  year={2003},
  publisher={IEEE}
}

@article{LIEBOVITCH1989386,
title = {A fast algorithm to determine fractal dimensions by box counting},
journal = {Physics Letters A},
volume = {141},
number = {8},
pages = {386-390},
year = {1989},
issn = {0375-9601},
doi = {https://doi.org/10.1016/0375-9601(89)90854-2},
url = {https://www.sciencedirect.com/science/article/pii/0375960189908542},
author = {Larry S. Liebovitch and Tibor Toth},
abstract = {A new algorithm is used to determine fractal dimensions by box counting for dynamic and iterated function systems. This method is fast, accurate, and less dependent on data specific curve fitting criteria than the correlation dimension.}
}

@article{multifractalspectrum,
author = {Salat, Hadrien and Murcio, Roberto and Arcaute, Elsa},
year = {2016},
month = {06},
pages = {},
title = {Multifractal methodology},
volume = {473},
journal = {Physica A: Statistical Mechanics and its Applications},
doi = {10.1016/j.physa.2017.01.041}
}